<?xml version="1.0" encoding="UTF-8"?>
<collection xmlns:xsi="http://www.w3.org/2001/XMLSchema-instance" xsi:schemaLocation="http://www.loc.gov/MARC21/slim http://www.loc.gov/standards/marcxml/schema/MARC21slim.xsd" xmlns="http://www.loc.gov/MARC21/slim">
<record>
  <leader>00886cam a2200229 a 4500</leader>
  <controlfield tag="001">2980684</controlfield>
  <controlfield tag="003">NNC</controlfield>
  <controlfield tag="005">20121018051334.0</controlfield>
  <controlfield tag="008">960123s1934    ua            000 0 arard</controlfield>
  <datafield tag="035" ind1=" " ind2=" ">
    <subfield code="a">(OCoLC)ocm34070402</subfield>
  </datafield>
  <datafield tag="035" ind1=" " ind2=" ">
    <subfield code="9">ASM7796CU</subfield>
  </datafield>
  <datafield tag="035" ind1=" " ind2=" ">
    <subfield code="a">(NNC)2980684</subfield>
  </datafield>
  <datafield tag="040" ind1=" " ind2=" ">
    <subfield code="a">WTU</subfield>
    <subfield code="c">WTU</subfield>
    <subfield code="d">ZCU</subfield>
  </datafield>
  <datafield tag="090" ind1=" " ind2=" ">
    <subfield code="a">PJ7745</subfield>
    <subfield code="b">.A85</subfield>
  </datafield>
  <datafield tag="100" ind1="1" ind2=" ">
    <subfield code="a">ʻAskarī, Abū Hilāl al-Ḥasan ibn ʻAbd Allāh.</subfield>
  </datafield>
  <datafield tag="240" ind1="1" ind2="0">
    <subfield code="a">Faḍl al-ʻaṭāʼ ʻalá al-ʻusr</subfield>
  </datafield>
  <datafield tag="245" ind1="1" ind2="0">
    <subfield code="a">Kitāb faḍl al-ʻaṭāʾ ʻalá al-ʻusr /</subfield>
    <subfield code="c">li-Abī Hilāl al-Ḥasan ibn ʻAbd Allāh ibn Sahl al-ʻAskarī ; ṣaḥaḥḥahu wa-ḥaqqaqahu wa-ʻallaqa ʻalayhi Maḥmūd Muḥammad Shākir.</subfield>
  </datafield>
  <datafield tag="260" ind1=" " ind2=" ">
    <subfield code="a">al-Qāhirah :</subfield>
    <subfield code="b">al-Maṭbaʻah al-Salafīyah,</subfield>
    <subfield code="c">1353 [1934 or 1935]</subfield>
  </datafield>
  <datafield tag="300" ind1=" " ind2=" ">
    <subfield code="a">76 p. ;</subfield>
    <subfield code="c">20 cm.</subfield>
  </datafield>
  <datafield tag="650" ind1=" " ind2="0">
    <subfield code="a">Generosity</subfield>
    <subfield code="v">Early works to 1800.</subfield>
  </datafield>
  <datafield tag="700" ind1="1" ind2=" ">
    <subfield code="a">Shākir, Maḥmūd Muḥammad.</subfield>
  </datafield>
  <datafield tag="955" ind1=" " ind2=" ">
    <subfield code="b">0035500239</subfield>
    <subfield code="d">glx</subfield>
    <subfield code="e">PJ7745 .A85</subfield>
  </datafield>
</record>
</collection>